<record><leader>00000cas a22000007a 4500</leader><controlfield tag="001">18573408</controlfield><controlfield tag="008">881006d18981963aruwr ne      0    0eng d</controlfield><datafield ind1=" " ind2=" " tag="010"><subfield code="a">sn 88051107 </subfield></datafield><datafield ind1=" " ind2=" " tag="040"><subfield code="a">ANU</subfield><subfield code="b">eng</subfield><subfield code="c">ANU</subfield><subfield code="d">OCLCQ</subfield></datafield><datafield ind1=" " ind2=" " tag="042"><subfield code="a">msc</subfield></datafield><datafield ind1="0" ind2=" " tag="130"><subfield code="a">Courier=Democrat (Russellville, Ark. : Weekly)</subfield></datafield><datafield ind1="1" ind2="4" tag="245"><subfield code="a">The Courier=Democrat.</subfield></datafield><datafield ind1=" " ind2=" " tag="260"><subfield code="a">Russellville, Pope County, Ark. :</subfield><subfield code="b">Courier-Democrat Co.</subfield></datafield><datafield ind1=" " ind2=" " tag="300"><subfield code="a">v.</subfield></datafield><datafield ind1=" " ind2=" " tag="310"><subfield code="a">Weekly</subfield></datafield><datafield ind1="0" ind2=" " tag="362"><subfield code="a">Vol. 24, no. 30 (Sept. 16, 1898)-v. 90, no. 58 (Jan. 10, 1963).</subfield></datafield><datafield ind1=" " ind2=" " tag="752"><subfield code="a">United States b Arkansas</subfield><subfield code="c">Pope</subfield><subfield code="d">Russellville.</subfield></datafield><datafield ind1="0" ind2=" " tag="775"><subfield code="t">Courier=Democrat (Russellville, Ark. : Daily : 1909)</subfield><subfield code="w">(DLC)sn 88051106</subfield></datafield><datafield ind1="0" ind2=" " tag="775"><subfield code="t">Daily courier-Democrat</subfield><subfield code="w">(DLC)sn 90050144</subfield></datafield><datafield ind1="0" ind2="4" tag="780"><subfield code="t">Russellville Democrat</subfield><subfield code="w">(DLC)sn 84023017</subfield></datafield><datafield ind1="0" ind2="4" tag="780"><subfield code="t">Russellville courier</subfield><subfield code="w">(DLC)sn 90050147</subfield></datafield><datafield ind1="0" ind2="6" tag="780"><subfield code="t">Pope County record (Russellville, Ark. : 1917)</subfield><subfield code="w">(DLC)sn 90050152</subfield></datafield><datafield ind1="0" ind2="5" tag="780"><subfield code="t">Weekly tribune (Russellville, Ark. : 1915)</subfield><subfield code="w">(DLC)sn 88051103</subfield></datafield><datafield ind1="0" ind2="0" tag="785"><subfield code="t">Weekly courier-Democrat</subfield><subfield code="w">(DLC)sn 90050146</subfield></datafield></record>